<record><leader>00000cas a2200000 a 4500</leader><controlfield tag="001">32139411</controlfield><controlfield tag="008">950313d19331936nbuwr ne      0    0eng c</controlfield><datafield ind1=" " ind2=" " tag="010"><subfield code="a">sn 95069297 </subfield></datafield><datafield ind1=" " ind2=" " tag="040"><subfield code="a">NVG</subfield><subfield code="b">eng</subfield><subfield code="c">NVG</subfield><subfield code="d">OCLCQ</subfield><subfield code="d">OCLCF</subfield><subfield code="d">OCLCO</subfield></datafield><datafield ind1="1" ind2=" " tag="029"><subfield code="a">AU@</subfield><subfield code="b">000011579687</subfield></datafield><datafield ind1=" " ind2=" " tag="042"><subfield code="a">pcc</subfield></datafield><datafield ind1=" " ind2=" " tag="043"><subfield code="a">n-us-nb</subfield></datafield><datafield ind1="0" ind2=" " tag="130"><subfield code="a">Citizen (Lincoln, Neb.)</subfield></datafield><datafield ind1="1" ind2="4" tag="245"><subfield code="a">The citizen.</subfield></datafield><datafield ind1=" " ind2=" " tag="260"><subfield code="a">Lincoln, Neb. :</subfield><subfield code="b">Jensen Print. Co.,</subfield><subfield code="c">1933-1936.</subfield></datafield><datafield ind1=" " ind2=" " tag="300"><subfield code="a">2 v. ;</subfield><subfield code="c">33 cm.</subfield></datafield><datafield ind1=" " ind2=" " tag="310"><subfield code="a">Weekly,</subfield><subfield code="b">Jan. 4-Feb. 6, 1936</subfield></datafield><datafield ind1=" " ind2=" " tag="321"><subfield code="a">Monthly,</subfield><subfield code="b">July 1933-Apr. 1935</subfield></datafield><datafield ind1="0" ind2=" " tag="362"><subfield code="a">Vol. 1, no. 1 (July, 1933)-v. 2, no. 8 (Feb. 6, 1936).</subfield></datafield><datafield ind1=" " ind2=" " tag="500"><subfield code="a">Not published: Aug. 1933, June-Aug. 1934, Nov. 1934-Jan. 1935, and: May-Dec. 1935.</subfield></datafield><datafield ind1=" " ind2="0" tag="651"><subfield code="a">Nebraska</subfield><subfield code="v">Newspapers.</subfield></datafield><datafield ind1=" " ind2="7" tag="655"><subfield code="a">Newspapers.</subfield><subfield code="2">fast</subfield><subfield code="0">(OCoLC)fst01423814</subfield></datafield><datafield ind1=" " ind2="7" tag="651"><subfield code="a">Nebraska.</subfield><subfield code="2">fast</subfield><subfield code="0">(OCoLC)fst01208998</subfield></datafield><datafield ind1=" " ind2=" " tag="752"><subfield code="a">United States</subfield><subfield code="b">Nebraska</subfield><subfield code="c">Lancaster</subfield><subfield code="d">Lincoln.</subfield></datafield><datafield ind1="0" ind2="0" tag="785"><subfield code="t">Nebraska citizen</subfield><subfield code="w">(DLC)sn 95069298</subfield></datafield></record>